
@book{sdb-book,
  author         = {Garc\'ia, Lucina and Montes de Oca, Marta},
  publisher      = {Universidad de La Habana},
  title          = {Sistemas de Bases de Datos: Modelaci\'on y Dise\~no},
  year           = {2009}
}


@manual{sql,
  author       = {Oracle Corporation},
  title        = {MySQL 8.0 Reference Manual}
}