@misc{IBMInternetOfThings2024,
    author = {IBM},
    title = {Internet of Things},
    year = {2024},
    url = {https://www.ibm.com/topics/internet-of-things},
    note = {Accessed:  2024-02-12}
}

